<?xml version="1.0" encoding="UTF-8"?><collection xmlns="http://www.loc.gov/MARC21/slim"><record><leader>00433nam--2200157-i-4500</leader><controlfield tag="001">000012468</controlfield><controlfield tag="002">20161230</controlfield><controlfield tag="005">20170212004152</controlfield><controlfield tag="008">060222s1000------------r-----000-0-eng-d</controlfield><datafield ind1=" " ind2=" " tag="100"><subfield code="a">Dancev, V. I</subfield></datafield><datafield ind1=" " ind2=" " tag="245"><subfield code="a">Zacaminte de minereuri radioactive si cercetarealor. Traducere din limba rusa</subfield></datafield><datafield ind1=" " ind2=" " tag="260"><subfield code="a">Bucuresti</subfield><subfield code="b">Ed.Tehnica</subfield><subfield code="c">1971</subfield></datafield><datafield ind1=" " ind2=" " tag="300"><subfield code="a">410 p</subfield></datafield><datafield ind1=" " ind2=" " tag="700"><subfield code="a">Lapinskaia, T. A</subfield></datafield><datafield ind1=" " ind2=" " tag="852"><subfield code="a">553.495</subfield></datafield><datafield ind1=" " ind2=" " tag="CAT"><subfield code="a">SYS</subfield><subfield code="c">20170212</subfield><subfield code="h">004152</subfield></datafield></record></collection>